<collection xmlns="http://www.loc.gov/MARC21/slim">
<record>
  <leader>01446nam0a22003131i 450 </leader>
  <controlfield tag="001">IT\ICCU\CNCE\052792</controlfield>
  <controlfield tag="005">20040303000000.0</controlfield>
  <datafield tag="012" ind1=" " ind2=" ">
    <subfield code="a">diub e-,&amp; esr. ciHi (3) 1521 (R)</subfield>
    <subfield code="2">fei</subfield>
  </datafield>
  <datafield tag="100" ind1=" " ind2=" ">
    <subfield code="a">20020320d1521        0itac0103    ba</subfield>
  </datafield>
  <datafield tag="101" ind1=" " ind2=" ">
    <subfield code="a">LAT</subfield>
  </datafield>
  <datafield tag="102" ind1=" " ind2=" ">
    <subfield code="a">IT</subfield>
  </datafield>
  <datafield tag="200" ind1="1" ind2=" ">
    <subfield code="a">℗Titi Liuii Patauini ℗Librorum epitomae. Lucius Florus</subfield>
  </datafield>
  <datafield tag="210" ind1=" " ind2=" ">
    <subfield code="e">Venetiis</subfield>
    <subfield code="g">in aedibus Aldi</subfield>
    <subfield code="h">et Andreae soceri</subfield>
    <subfield code="h">mense Martio 1521</subfield>
  </datafield>
  <datafield tag="215" ind1=" " ind2=" ">
    <subfield code="a">56, 310, \2! c.</subfield>
    <subfield code="d">8ʻ</subfield>
  </datafield>
  <datafield tag="300" ind1=" " ind2=" ">
    <subfield code="a">ANNULLATA !!!  ̈il 4.v. di 27206</subfield>
  </datafield>
  <datafield tag="620" ind1=" " ind2=" ">
    <subfield code="a">IT</subfield>
    <subfield code="d">Venezia</subfield>
  </datafield>
  <datafield tag="700" ind1=" " ind2="1">
    <subfield code="a">Livius,</subfield>
    <subfield code="b">Titus</subfield>
    <subfield code="3">IT\ICCU\CNCA\007254</subfield>
  </datafield>
  <datafield tag="702" ind1=" " ind2="1">
    <subfield code="a">Florus,</subfield>
    <subfield code="b">Lucius Annaeus</subfield>
    <subfield code="3">IT\ICCU\CNCA\005445</subfield>
  </datafield>
  <datafield tag="712" ind1="0" ind2="0">
    <subfield code="a">Manuzio, Aldo &lt;1.&gt; - eredi &amp; Torresano, Andrea &lt;1.&gt;</subfield>
    <subfield code="3">IT\ICCU\CNCT\000194</subfield>
    <subfield code="4">650</subfield>
  </datafield>
  <datafield tag="790" ind1=" " ind2="0">
    <subfield code="a">Tito Livio</subfield>
    <subfield code="3">IT\ICCU\CNCA\018617</subfield>
    <subfield code="z">Livius, Titus</subfield>
  </datafield>
  <datafield tag="801" ind1=" " ind2="3">
    <subfield code="a">IT</subfield>
    <subfield code="b">ICCU</subfield>
    <subfield code="c">20201115</subfield>
  </datafield>
  <datafield tag="899" ind1=" " ind2=" ">
    <subfield code="a">Biblioteca del Seminario vescovile. Acqui Terme</subfield>
    <subfield code="1">AL0130</subfield>
    <subfield code="2">TO0 GZ</subfield>
  </datafield>
  <datafield tag="899" ind1=" " ind2=" ">
    <subfield code="a">Biblioteca del Seminario vescovile. Asti</subfield>
    <subfield code="1">AT0005</subfield>
    <subfield code="2">TO0 45</subfield>
  </datafield>
  <datafield tag="899" ind1=" " ind2=" ">
    <subfield code="a">Biblioteca pubblica arcivescovile A. De Leo. Brindisi</subfield>
    <subfield code="z">MUTILO</subfield>
    <subfield code="1">BR0002</subfield>
    <subfield code="2">BRI 02</subfield>
  </datafield>
  <datafield tag="899" ind1=" " ind2=" ">
    <subfield code="a">Biblioteca civica di Mondov. Mondov</subfield>
    <subfield code="z">MUTILO</subfield>
    <subfield code="1">CN0065</subfield>
    <subfield code="2">TO0 55</subfield>
  </datafield>
  <datafield tag="899" ind1=" " ind2=" ">
    <subfield code="a">Biblioteca Labronica Francesco Domenico Guerrazzi. Livorno</subfield>
    <subfield code="1">LI0011</subfield>
    <subfield code="2">LIA FA</subfield>
  </datafield>
  <datafield tag="899" ind1=" " ind2=" ">
    <subfield code="a">Biblioteca comunale Giosu ̈Carducci. Spoleto</subfield>
    <subfield code="1">PG0168</subfield>
    <subfield code="2">UM1 08</subfield>
  </datafield>
  <datafield tag="899" ind1=" " ind2=" ">
    <subfield code="a">Biblioteca universitaria. Sassari</subfield>
    <subfield code="z">MUTILO</subfield>
    <subfield code="1">SS0073</subfield>
    <subfield code="2">CAG US</subfield>
  </datafield>
  <datafield tag="899" ind1=" " ind2=" ">
    <subfield code="a">Biblioteca civica. Vittorio Veneto</subfield>
    <subfield code="z">MUTILO</subfield>
    <subfield code="1">TV0121</subfield>
    <subfield code="2">VIA VV</subfield>
  </datafield>
</record>
</collection>
